<record><leader>00000cas a22000007a 4500</leader><controlfield tag="001">20179330</controlfield><controlfield tag="008">890815d19181918mouwr ne      0    0eng d</controlfield><datafield ind1=" " ind2=" " tag="010"><subfield code="a">sn 89066956 </subfield></datafield><datafield ind1=" " ind2=" " tag="040"><subfield code="a">MQN</subfield><subfield code="b">eng</subfield><subfield code="c">MQN</subfield><subfield code="d">OCLCQ</subfield></datafield><datafield ind1=" " ind2=" " tag="042"><subfield code="a">msc</subfield></datafield><datafield ind1="0" ind2="4" tag="245"><subfield code="a">The King City times.</subfield></datafield><datafield ind1=" " ind2=" " tag="260"><subfield code="a">King City, Gentry County, Mo. :</subfield><subfield code="b">Howard MacDonald,</subfield><subfield code="c">1918-</subfield></datafield><datafield ind1=" " ind2=" " tag="300"><subfield code="a">v.</subfield></datafield><datafield ind1=" " ind2=" " tag="310"><subfield code="a">Weekly</subfield></datafield><datafield ind1="0" ind2=" " tag="362"><subfield code="a">Vol. 26, no. 40 (May 10, 1918)-</subfield></datafield><datafield ind1="1" ind2=" " tag="362"><subfield code="a">Ceased in 1918?</subfield></datafield><datafield ind1=" " ind2=" " tag="752"><subfield code="a">United States</subfield><subfield code="b">Missouri</subfield><subfield code="c">Gentry</subfield><subfield code="d">King City.</subfield></datafield><datafield ind1="0" ind2="0" tag="780"><subfield code="t">King City democrat</subfield><subfield code="w">(DLC)sn 89066955</subfield></datafield></record>